<?xml version="1.0" encoding="UTF-8"?><record xmlns="http://www.loc.gov/MARC21/slim" xmlns:cinclude="http://apache.org/cocoon/include/1.0" xmlns:zs="http://www.loc.gov/zing/srw/">
  <leader>00426nz  a2200133n  4500</leader>
  <controlfield tag="001">nb2009013574</controlfield>
  <controlfield tag="003">DLC</controlfield>
  <controlfield tag="005">20090604075209.0</controlfield>
  <controlfield tag="008">090602n| acannaabn          |n aaa      </controlfield>
  <datafield tag="010" ind1=" " ind2=" ">
    <subfield code="a">nb2009013574</subfield>
  </datafield>
  <datafield tag="035" ind1=" " ind2=" ">
    <subfield code="a">(Uk)007466390</subfield>
  </datafield>
  <datafield tag="040" ind1=" " ind2=" ">
    <subfield code="a">Uk</subfield>
    <subfield code="b">eng</subfield>
    <subfield code="c">Uk</subfield>
  </datafield>
  <datafield tag="100" ind1="1" ind2=" ">
    <subfield code="a">Makoni, Catherine C.</subfield>
    <subfield code="q">(Catherine Chamapiwa)</subfield>
  </datafield>
  <datafield tag="670" ind1=" " ind2=" ">
    <subfield code="a">Harmonisation of laws relating to children, 2005?:</subfield>
    <subfield code="b">t.p. (Catherine C. Makoni) p. 43 (Catherine Chamapiwa Makoni)</subfield>
  </datafield>
</record>